<?xml version="1.0" encoding="UTF-8"?><collection xmlns="http://www.loc.gov/MARC21/slim"><record><leader>00321nam--2200121-i-4500</leader><controlfield tag="001">000040162</controlfield><controlfield tag="002">20161230</controlfield><controlfield tag="005">20161230201042</controlfield><controlfield tag="008">060222s1000------------r-----000-0-eng-d</controlfield><datafield ind1=" " ind2=" " tag="100"><subfield code="a">Rusk, Rogers D</subfield></datafield><datafield ind1=" " ind2=" " tag="245"><subfield code="a">Introduction to college physics</subfield></datafield><datafield ind1=" " ind2=" " tag="260"><subfield code="a">London, Appleton-century-crofts, Inc., 1960, Xi + 944p</subfield></datafield><datafield ind1=" " ind2=" " tag="852"><subfield code="a">17704</subfield></datafield></record></collection>